% Encoding: UTF-8

@misc{IPUMS,
    author = {Ruggles Steven and Flood Sarah and Foster Sophia and Goeken Ronald and Pacas Jose and Schouweiler Megan and Sobek Matthew},
	title = {IPUMS USA: Version 11.0 [dataset]},
	year = {2021},
	url = {https://doi.org/10.18128/D010.V11.0},
}

@misc{github,
    author = {Matthew Grohotolski},
	title = {MA252 Housing Project},
	year = {2021},
	url = {https://github.com/MattBcool/MA252-Housing-Project},
}